@misc{isrpaper,
      title={A Machine of Few Words -- Interactive Speaker Recognition with Reinforcement Learning}, 
      author={Mathieu Seurin and Florian Strub and Philippe Preux and Olivier Pietquin},
      year={2020},
      eprint={2008.03127},
      archivePrefix={arXiv},
      primaryClass={eess.AS}
}

@misc{timit,
  doi = {10.35111/17GK-BN40},
  url = {https://catalog.ldc.upenn.edu/LDC93S1},
  author = {{Garofolo,  John S.} and {Lamel,  Lori F.} and {Fisher,  William M.} and {Pallett,  David S.} and {Dahlgren,  Nancy L.} and {Zue,  Victor} and {Fiscus,  Jonathan G.}},
  title = {{TIMIT} Acoustic-Phonetic Continuous Speech Corpus},
  publisher = {Linguistic Data Consortium},
  year = {1993}
}

@misc{schulman2017proximal,
      title={Proximal Policy Optimization Algorithms}, 
      author={John Schulman and Filip Wolski and Prafulla Dhariwal and Alec Radford and Oleg Klimov},
      year={2017},
      eprint={1707.06347},
      archivePrefix={arXiv},
      primaryClass={cs.LG}
}